@article{holland2008biojava,
  title={BioJava: an open-source framework for bioinformatics},
  author={Holland, Richard CG and Down, Thomas A and Pocock, Matthew and Prli{\'c}, Andreas and Huen, David and James, Keith and Foisy, Sylvain and Dr{\"a}ger, Andreas and Yates, Andy and Heuer, Michael and Schreiber, Mark J},
  journal={Bioinformatics},
  volume={24},
  number={18},
  pages={2096--2097},
  year={2008},
  publisher={Oxford Univ Press}
}
@article{prlic2012biojava,
  title={BioJava: an open-source framework for bioinformatics in 2012},
  author={Prli{\'c}, Andreas and Yates, Andrew and Bliven, Spencer E and Rose, Peter W and Jacobsen, Julius and Troshin, Peter V and Chapman, Mark and Gao, Jianjiong and Koh, Chuan Hock and Foisy, Sylvain and Holland, Richard and Rim{\u{s}}a, Gediminas and Heuer, Michael L and {Brandst{\"a}tter--M{\"u}ller}, Hannes and Bourne, Philip E and Willis, Scooter},
  journal={Bioinformatics},
  volume={28},
  number={20},
  pages={2693--2695},
  year={2012},
  publisher={Oxford University Press}
}
